<?xml version="1.0" encoding="UTF-8"?><collection xmlns="http://www.loc.gov/MARC21/slim"><record><leader>00376nam--2200133-i-4500</leader><controlfield tag="001">000026357</controlfield><controlfield tag="002">20161230</controlfield><controlfield tag="005">20161230201036</controlfield><controlfield tag="008">060222s1000------------r-----000-0-eng-d</controlfield><datafield ind1=" " ind2=" " tag="100"><subfield code="a">Katetov, Miroslav</subfield></datafield><datafield ind1=" " ind2=" " tag="245"><subfield code="a">On convex topological linear spaces</subfield></datafield><datafield ind1=" " ind2=" " tag="260"><subfield code="a">Praha, F.Rivnac, 1948, 20[-22]P</subfield></datafield><datafield ind1=" " ind2=" " tag="490"><subfield code="a">Acta Facultatis Rerum Naturalium Universitatis Caroline</subfield></datafield><datafield ind1=" " ind2=" " tag="852"><subfield code="a">1782</subfield></datafield></record></collection>